@misc{V21,
  author = {TU Dortmund},
  title = {Optisches Pumpen},
  year = 2018,
  note = {Versuchsanleitung}
}

@article{pdf_anleitung,
  author = {Eric D. Black},
  title = {Optical Pumping},
  year = 2004,
  institution = {California Institute of Technology},
}

@misc{mikrowellen1,
  author = {Philips},
  title = {Experimente mit Mikrowellen 1},
  note = {Detaillierte Versuchsanleitung}
}

@misc{klystron,
  author       = {Wikipedia},
  title        = {Klystron},
  url          = {https://de.wikipedia.org/wiki/Klystron#Reflexklystron}
}

@misc{kanal,
  author       = {Wikipedia},
  title        = {Stehwellenverhältnis},
  url          = {https://de.wikipedia.org/wiki/Stehwellenverh%C3%A4ltnis}
}

@book{HakenWolf,
  author = {Hermann Haken and Hans Christopher Wolf},
  title = {Atom- und Quantenphysik},
  Subtitle = {Einführung in die experimentellen und theoretischen Grundlagen},
  year = 2000,
  isbn = {978-3-642-98111-1},
  publisher = {Springer-Verlag},
  address={Heidelberg},
  edition = {7. aktualisierte und erweiterte Auflage}
}

@website{mag_DO_2,
title={GFZ},
note={Eingesehen am 14.11.2022},
url={http://isdc.gfz-potsdam.de/igrf-declination-calculator/},
}