@misc{V01,
  author = {TU Dortmund},
  title = {kosmische Myonen},
  year = 2018,
  note = {Versuchsanleitung}
}

@article{pdf_anleitung,
  author = {Eric D. Black},
  title = {Optical Pumping},
  year = 2004,
  institution = {California Institute of Technology},
}

@misc{mikrowellen1,
  author = {Philips},
  title = {Experimente mit Mikrowellen 1},
  note = {Detaillierte Versuchsanleitung}
}

@misc{klystron,
  author       = {Wikipedia},
  title        = {Klystron},
  url          = {https://de.wikipedia.org/wiki/Klystron#Reflexklystron}
}

@misc{kanal,
  author       = {Wikipedia},
  title        = {Stehwellenverhältnis},
  url          = {https://de.wikipedia.org/wiki/Stehwellenverh%C3%A4ltnis}
}

@book{HakenWolf,
  author = {Hermann Haken and Hans Christopher Wolf},
  title = {Atom- und Quantenphysik},
  Subtitle = {Einführung in die experimentellen und theoretischen Grundlagen},
  year = 2000,
  isbn = {978-3-642-98111-1},
  publisher = {Springer-Verlag},
  address={Heidelberg},
  edition = {7. aktualisierte und erweiterte Auflage}
}

@website{mag_DO_2,
title={GFZ},
note={Eingesehen am 14.11.2022},
url={http://isdc.gfz-potsdam.de/igrf-declination-calculator/},
}

@article{myonen,
    author = "Workman, R. L. and Others",
    collaboration = "Particle Data Group",
    title = "{Review of Particle Physics}",
    doi = "10.1093/ptep/ptac097",
    journal = "PTEP",
    volume = "2022",
    pages = "083C01",
    year = "2022"
}

@book{astroteilchenbuch,
  title={Einstieg in die Astroteilchenphysik: Grundlagen, Messungen und Ergebnisse aktueller Forschung},
  author={Grupen, Claus},
  year={2017},
  publisher={Springer-Verlag}
}