@misc{V47,
  author = {TU Dortmund},
  title = {Temperaturabhängigkeit der Molwärme von Festkörpern},
  year = 2018,
  note = {Versuchsanleitung}
}

@misc{V51,
  author = {TU Dortmund},
  title = {Schaltungen mit Operationsverstärkern},
  year = 2022,
  note = {Versuchsanleitung}
}

@misc{V64,
  author = {TU Dortmund},
  title = {Interferometrie},
  year = 2022,
  note = {Versuchsanleitung}
}

@article{pdf_anleitung,
  author = {Eric D. Black},
  title = {Optical Pumping},
  year = 2004,
  institution = {California Institute of Technology},
}

@misc{mikrowellen1,
  author = {Philips},
  title = {Experimente mit Mikrowellen 1},
  note = {Detaillierte Versuchsanleitung}
}

@misc{klystron,
  author       = {Wikipedia},
  title        = {Klystron},
  url          = {https://de.wikipedia.org/wiki/Klystron#Reflexklystron}
}

@misc{koharenz,
  author       = {Wikipedia},
  title        = {Kohärenz},
  url          = {https://de.wikipedia.org/wiki/Koh%C3%A4renz_(Physik)}
}

@misc{kanal,
  author       = {Wikipedia},
  title        = {Stehwellenverhältnis},
  url          = {https://de.wikipedia.org/wiki/Stehwellenverh%C3%A4ltnis}
}

@book{HakenWolf,
  author = {Hermann Haken and Hans Christopher Wolf},
  title = {Atom- und Quantenphysik},
  Subtitle = {Einführung in die experimentellen und theoretischen Grundlagen},
  year = 2000,
  isbn = {978-3-642-98111-1},
  publisher = {Springer-Verlag},
  address={Heidelberg},
  edition = {7. aktualisierte und erweiterte Auflage}
}

@website{mag_DO_2,
title={GFZ},
note={Eingesehen am 14.11.2022},
url={http://isdc.gfz-potsdam.de/igrf-declination-calculator/},
}

@website{satur,
title={Grundlagen zur Beschreibung von Operationsverstärkern},
note={Eingesehen am 13.12.2022},
url={https://www.eit.hs-karlsruhe.de/hertz/teil-b-gleichstromtechnik/operationsverstaerker/grundlagen-zur-beschreibung-von-operationsverstaerkern/versorgungsspannung-von-operationsverstaerkern.html},
}

@website{lm741,
title={LM741},
note={Eingesehen am 13.12.2022},
url={https://www.ti.com/product/LM741#tech-docs},
}

@website{schmitt,
title={File:Hysteresis sharp curve.svg},
note={Eingesehen am 14.12.2022},
url={https://commons.wikimedia.org/wiki/File:Hysteresis_sharp_curve.svg},
}